@article{mittal2022survey,
  title={A survey of deep learning techniques for underwater image classification},
  author={Mittal, Sparsh and Srivastava, Srishti and Jayanth, J Phani},
  journal={IEEE Transactions on Neural Networks and Learning Systems},
  volume={34},
  number={10},
  pages={6968--6982},
  year={2022},
  publisher={IEEE}
}